01REMESSA01COBRANCA       00000000000000000111Dealwish                      237BRADESCO       010919        MX0000002                                                                                                                                                                                                                                                                                     000001
1                   000100002000000030000000000000000000000020000000000000000000-1200000000001               01000000000010091900000000216000000000001N010919000000000000000000109190000000000000000000000000000000000000000254040627000103Loja 1 Ltda                             Rua 2, 2 - Barueri/SP                               06414025                                                            000002
9                                                                                                                                                                                                                                                                                                                                                                                                         000003
