01REMESSA01COBRANCA       00000000000000000111Dealwish                      237BRADESCO       010919        MX0000001                                                                                                                                                                                                                                                                                     000001
1                   000100002000000030000000000000000000000001000000000000000000-1200000000001               01000000000010091900000000300000000000001N010919000000000000000000109190000000000000000000000000000000000000000247960950000121Magazine Luiza                          Rua Y, 1 - Barueri/SP                               06000000                                                            000002
9                                                                                                                                                                                                                                                                                                                                                                                                         000003
