01REMESSA01COBRANCA       00000000000000000111Dealwish                      237BRADESCO       150319        MX0000004                                                                                                                                                                                                                                                                                     000001
9                                                                                                                                                                                                                                                                                                                                                                                                         000002
