01REMESSA01COBRANCA       00000000000000000111Dealwish                      237BRADESCO       150319        MX0000002                                                                                                                                                                                                                                                                                     000001
1                   0001000020000000300000000000000000000000040000000000001012019000000000001               01000000000013031900000000001000000000001N150319000000000000000001503190000000000000000000000000000000000000000233341089000109Magazine Luiza                          Rua Werner Goldberg, 179 - Marinópolis/S            15910000                                                            000002
1                   0001000020000000300000000000000000000000050000000000002012019800000000001               01000000000013031900000000001000000000001N150319000000000000000001503190000000000000000000000000000000000000000233341089000109Magazine Luiza                          Rua Werner Goldberg, 179 - Marinópolis/S            15910000                                                            000003
1                   0001000020000000300000000000000000000000060000000000003012019500000000001               01000000000013031900000000001000000000001N150319000000000000000001503190000000000000000000000000000000000000000233341089000109Magazine Luiza                          Rua Werner Goldberg, 179 - Marinópolis/S            15910000                                                            000004
9                                                                                                                                                                                                                                                                                                                                                                                                         000005
